@article{ouyang2021restir,
author = {Ouyang, Y. and Liu, S. and Kettunen, M. and Pharr, M. and Pantaleoni, J.},
title = {{ReSTIR GI: Path Resampling for Real-Time Path Tracing}},
journal = {Computer Graphics Forum},
volume = {40},
number = {8},
pages = {17-29},
doi = {https://doi.org/10.1111/cgf.14378},
url = {https://doi.org/10.1111/cgf.14378},
year = {2021}
}

@article{bentley1975multidimensional,
author = {J. L. Bentley},
title = {{Multidimensional Binary Search Trees Used for Associative Searching}},
year = {1975},
issue_date = {Sept. 1975},
publisher = {Association for Computing Machinery},
address = {New York, NY, USA},
volume = {18},
number = {9},
issn = {0001-0782},
url = {https://doi.org/10.1145/361002.361007},
doi = {10.1145/361002.361007},
journal = {Communications of the ACM},
pages = {509–517},
numpages = {9},
keywords = {attribute, binary tree insertion, binary search trees, information retrieval system, associative retrieval, key, nearest neighbor queries, partial match queries, intersection queries}
}

@article{schauer2015collision,
title = {{Collision detection between point clouds using an efficient $k$-d tree implementation}},
journal = {Advanced Engineering Informatics},
volume = {29},
number = {3},
pages = {440-458},
year = {2015},
issn = {1474-0346},
doi = {10.1016/j.aei.2015.03.007},
url = {https://doi.org/10.1016/j.aei.2015.03.007},
author = {J. Schauer and A. Nüchter},
keywords = {Collision detection, Interference detection, -d tree, Kinematic laser scanning, 3D point clouds},
}

@article{friedman1977algorithm,
  author = {Friedman, J. H. and Bentley, J. L. and Finkel, R. A.},
  title = {{An Algorithm for Finding Best Matches in Logarithmic Expected Time}},
  year = {1977},
  issue_date = {Sept. 1977},
  publisher = {Association for Computing Machinery},
  address = {New York, NY, USA},
  volume = {3},
  number = {3},
  issn = {0098-3500},
  url = {https://doi.org/10.1145/355744.355745},
  doi = {10.1145/355744.355745},
  journal = {ACM Transactions on Mathematical Software},
  pages = {209–226},
  numpages = {18}
}

@article{macdonald1990heuristics,
  title={{Heuristics for ray tracing using space subdivision}},
  author={MacDonald, J. D. and Booth, K. S.},
  journal={The Visual Computer},
  volume={6},
  number={3},
  pages={153--166},
  year={1990},
  publisher={Springer},
  doi={10.1007/BF01911006},
  url={https://doi.org/10.1007/BF01911006}
}

@article{blum1973time,
  title={{TIME BOUNDS FOR SELECTION}},
  author={Blum, M. and Floyd, R. W. and Pratt, V. R. and Rivest, R. L. and Tarjan, R. E. and others},
  journal={Journal of Computer and System Sciences},
  volume={7},
  number={4},
  pages={448--461},
  year={1973},
  url={http://i.stanford.edu/pub/cstr/reports/cs/tr/73/349/CS-TR-73-349.pdf}
}

@article{gibb1961algorithm,
author = {Gibb, A.},
title = {{ALGORITHM 61: PROCEDURES FOR RANGE ARITHMETIC}},
year = {1961},
issue_date = {July 1961},
publisher = {Association for Computing Machinery},
address = {New York, NY, USA},
volume = {4},
number = {7},
issn = {0001-0782},
url = {https://doi.org/10.1145/366622.366637},
doi = {10.1145/366622.366637},
journal = {Communications of the ACM},
pages = {319–320},
numpages = {2}
}

@article{musser1997introspective,
author = {Musser, D. R.},
title = {{Introspective Sorting and Selection Algorithms}},
journal = {Software: Practice and Experience},
volume = {27},
number = {8},
pages = {983-993},
keywords = {quicksort, heapsort, sorting algorithms, introspective algorithms, hybrid algorithms, generic algorithms, STL},
url = {https://doi.org/10.1002/(SICI)1097-024X(199708)27:8<983::AID-SPE117>3.0.CO;2-%23},
year = {1997}
}

@article{havran2002improving,
  author = {Havran, V. and Bittner, J.},
  year = {2002},
  pages = {209-216},
  title = {{ON IMPROVING KD-TREES FOR RAY SHOOTING}},
  volume = {10},
  number= {1-3},
  journal = {Journal of WSCG},
  url={http://wscg.zcu.cz/wscg2002/Papers_2002/F43.pdf}
}

@article{de2002realistic,
  title={{Realistic Input Models for Geometric Algorithms}},
  author={De Berg, M. and van der Stappen, A. F. and Vleugels, J. and Katz, M. J.},
  journal={Algorithmica},
  volume={34},
  number={1},
  pages={81--97},
  year={2002},
  publisher={Springer},
  url={https://doi.org/10.1007/s00453-002-0961-x}
}

@article{shevtsov2007highly,
author = {Shevtsov, M. and Soupikov, A. and Kapustin, A.},
title = {{Highly Parallel Fast KD-tree Construction for Interactive Ray Tracing of Dynamic Scenes}},
journal = {Computer Graphics Forum},
volume = {26},
number = {3},
pages = {395-404},
keywords = {I.3.7 Computer Graphics: Three-Dimensional Graphics and Realism: Ray tracing; Color; Shading; Shadowing and texture, I.3.1 Hardware Architecture: Parallel processing},
doi = {https://doi.org/10.1111/j.1467-8659.2007.01062.x},
url = {https://onlinelibrary.wiley.com/doi/abs/10.1111/j.1467-8659.2007.01062.x},
eprint = {https://onlinelibrary.wiley.com/doi/pdf/10.1111/j.1467-8659.2007.01062.x},
year = {2007}
}

@article{reshetov2005multi,
author = {Reshetov, A. and Soupikov, A. and Hurley, J.},
title = {{Multi-Level Ray Tracing Algorithm}},
year = {2005},
issue_date = {July 2005},
publisher = {Association for Computing Machinery},
address = {New York, NY, USA},
volume = {24},
number = {3},
issn = {0730-0301},
url = {https://doi.org/10.1145/1073204.1073329},
doi = {10.1145/1073204.1073329},
journal = {ACM Transactions on Graphics},
pages = {1176–1185},
numpages = {10},
keywords = {ray-tracing, frustum occlusion culling, anti-aliasing}
}

@inproceedings{ize2008ray,
  title={{Ray tracing with the BSP tree}},
  author={Ize, T. and Wald, I. and Parker, S. G.},
  booktitle={2008 IEEE Symposium on Interactive Ray Tracing},
  pages={159--166},
  year={2008},
  doi={10.1109/RT.2008.4634637},
  url={https://doi.org/10.1109/RT.2008.4634637}
}

@inproceedings{ooi1987spatial,
author="Ooi, B. C.",
title="{Spatial kd-Tree: A Data Structure for Geographic Database}",
booktitle="Datenbanksysteme in B{\"u}ro, Technik und Wissenschaft",
year="1987",
pages="247--258",
isbn="978-3-642-72617-0",
doi="10.1007/978-3-642-72617-0_17",
url="https://doi.org/10.1007/978-3-642-72617-0_17"
}

@inproceedings{wald2006building,
  author={Wald, I. and Havran, V.},
  booktitle={2006 IEEE Symposium on Interactive Ray Tracing}, 
  title={{On building fast kd-Trees for Ray Tracing, and on doing that in O(N log N)}}, 
  year={2006},
  volume={},
  number={},
  pages={61-69},
  doi={10.1109/RT.2006.280216},
  url={https://doi.org/10.1109/RT.2006.280216}
}

@inproceedings{hunt2006fast,
  author={Hunt, W. and Mark, W. R. and Stoll, G.},
  booktitle={2006 IEEE Symposium on Interactive Ray Tracing}, 
  title={{Fast kd-tree Construction with an Adaptive Error-Bounded Heuristic}}, 
  year={2006},
  volume={},
  number={},
  pages={81-88},
  doi={10.1109/RT.2006.280218},
  url={https://doi.org/10.1109/RT.2006.280218}
}

@inproceedings{hunt2007fast,
  author={Hunt, W. and Mark, W. R. and Fussell, D.},
  booktitle={2007 IEEE Symposium on Interactive Ray Tracing}, 
  title={{Fast and Lazy Build of Acceleration Structures from Scene Hierarchies}}, 
  year={2007},
  volume={},
  number={},
  pages={47-54},
  doi={10.1109/RT.2007.4342590},
  url={https://doi.org/10.1109/RT.2007.4342590}
}

@misc{kakde2005range,
  title={{Range Searching using Kd tree}},
  author={Kakde, H. M.},
  journal={Florida State University},
  year={2005},
  url={http://www.cs.utah.edu/~lifeifei/cs6931/kdtree.pdf},
  note={From \url{http://www.cs.utah.edu/~lifeifei/cs6931/kdtree.pdf}, January 2023.}
}

article{cai2021ikd,
  doi = {10.48550/ARXIV.2102.10808},
  author    = {Yixi Cai and Wei Xu and Fu Zhang},
  title     = {{ikd-Tree: An Incremental K-D Tree for Robotic Applications}},
  journal   = {CoRR},
  volume    = {abs/2102.10808},
  year      = {2021},
  url       = {https://arxiv.org/abs/2102.10808},
  eprinttype = {arXiv},
  eprint    = {2102.10808},
  timestamp = {Wed, 10 Aug 2022 13:27:53 +0200},
  biburl    = {https://dblp.org/rec/journals/corr/abs-2102-10808.bib},
  bibsource = {dblp computer science bibliography, https://dblp.org}
}

@misc{cai2021ikd,
  doi = {10.48550/ARXIV.2102.10808},
  author    = {Y. Cai and W. Xu and F. Zhang},
  title     = {{ikd-Tree: An Incremental K-D Tree for Robotic Applications}},
  journal   = {CoRR},
  volume    = {abs/2102.10808},
  year      = {2021},
  url       = {https://arxiv.org/abs/2102.10808},
  eprinttype = {arXiv},
  eprint    = {2102.10808},
  timestamp = {Wed, 10 Aug 2022 13:27:53 +0200},
  biburl    = {https://dblp.org/rec/journals/corr/abs-2102-10808.bib},
  bibsource = {dblp computer science bibliography, https://dblp.org},
  note = {From \url{https://arxiv.org/abs/2102.10808}, January 2023}
}

@misc{nassen2019real,
  title={{Real-time Terrain Deformation with Isosurface Algorithms}},
  author={N{\"a}ss{\'e}n, O. and Leiborn, E.},
  year={2019},
  url={http://urn.kb.se/resolve?urn=urn:nbn:se:bth-18323},
  note={From \url{http://urn.kb.se/resolve?urn=urn:nbn:se:bth-18323}, January 2023}
}

@book{glassner1989introduction,
  title={{An Introduction to Ray Tracing}},
  author={E. Haines and P. Hanrahan and R. L. Cook and J. Arvo and D. Kirk and P. S. Heckbert},
  year={1989},
  publisher={Morgan Kaufmann},
  address={California},
  isbn={0-12-286160-4},
  note={Pages 1, 201-262.}
}

@book{rockafellar1970convex,
  title={{Convex Analysis}},
  author={R. Tyrell Rockafellar},
  volume={18},
  year={1977},
  publisher={Princeton University Press},
  pages={4--5},
  address={United Kingdom},
  note={Pages 4-5.}
}

@book{ericson2004real,
  title={{Real-Time Collision Detection}},
  author={Ericson, C.},
  year={2005},
  publisher={Morgan Kaufmann},
  address={California},
  note={Pages 235-382.}
}